%YAML 1.1
%TAG !u! tag:unity3d.com,2011:
--- !u!1 &3169164268455838306
GameObject:
  m_ObjectHideFlags: 0
  m_CorrespondingSourceObject: {fileID: 0}
  m_PrefabInstance: {fileID: 0}
  m_PrefabAsset: {fileID: 0}
  serializedVersion: 6
  m_Component:
  - component: {fileID: 7997256861377327049}
  m_Layer: 0
  m_Name: base7
  m_TagString: Untagged
  m_Icon: {fileID: 0}
  m_NavMeshLayer: 0
  m_StaticEditorFlags: 0
  m_IsActive: 1
--- !u!4 &7997256861377327049
Transform:
  m_ObjectHideFlags: 0
  m_CorrespondingSourceObject: {fileID: 0}
  m_PrefabInstance: {fileID: 0}
  m_PrefabAsset: {fileID: 0}
  m_GameObject: {fileID: 3169164268455838306}
  m_LocalRotation: {x: 0, y: 0, z: 0, w: 1}
  m_LocalPosition: {x: -19.651646, y: -44.04496, z: 30.650166}
  m_LocalScale: {x: 1, y: 1, z: 1}
  m_ConstrainProportionsScale: 0
  m_Children:
  - {fileID: 3668030718558003765}
  - {fileID: 3668030719279298000}
  - {fileID: 3673192259068124775}
  - {fileID: 3673192257477008346}
  m_Father: {fileID: 0}
  m_RootOrder: 0
  m_LocalEulerAnglesHint: {x: 0, y: 0, z: 0}
--- !u!1001 &3668703000889838092
PrefabInstance:
  m_ObjectHideFlags: 0
  serializedVersion: 2
  m_Modification:
    m_TransformParent: {fileID: 7997256861377327049}
    m_Modifications:
    - target: {fileID: 1778505454180350, guid: 3b9fd7dc832abfa42adb3cc7392b6fe8, type: 3}
      propertyPath: m_Name
      value: SM_Bld_Scav_Refinery_Silo_01 (3)
      objectReference: {fileID: 0}
    - target: {fileID: 1778505454180350, guid: 3b9fd7dc832abfa42adb3cc7392b6fe8, type: 3}
      propertyPath: m_Layer
      value: 31
      objectReference: {fileID: 0}
    - target: {fileID: 4133546816847836, guid: 3b9fd7dc832abfa42adb3cc7392b6fe8, type: 3}
      propertyPath: m_RootOrder
      value: 1
      objectReference: {fileID: 0}
    - target: {fileID: 4133546816847836, guid: 3b9fd7dc832abfa42adb3cc7392b6fe8, type: 3}
      propertyPath: m_LocalScale.x
      value: 1.09
      objectReference: {fileID: 0}
    - target: {fileID: 4133546816847836, guid: 3b9fd7dc832abfa42adb3cc7392b6fe8, type: 3}
      propertyPath: m_LocalScale.y
      value: 1.09
      objectReference: {fileID: 0}
    - target: {fileID: 4133546816847836, guid: 3b9fd7dc832abfa42adb3cc7392b6fe8, type: 3}
      propertyPath: m_LocalScale.z
      value: 1.09
      objectReference: {fileID: 0}
    - target: {fileID: 4133546816847836, guid: 3b9fd7dc832abfa42adb3cc7392b6fe8, type: 3}
      propertyPath: m_LocalPosition.x
      value: 23.361645
      objectReference: {fileID: 0}
    - target: {fileID: 4133546816847836, guid: 3b9fd7dc832abfa42adb3cc7392b6fe8, type: 3}
      propertyPath: m_LocalPosition.y
      value: 42.84496
      objectReference: {fileID: 0}
    - target: {fileID: 4133546816847836, guid: 3b9fd7dc832abfa42adb3cc7392b6fe8, type: 3}
      propertyPath: m_LocalPosition.z
      value: 65.00984
      objectReference: {fileID: 0}
    - target: {fileID: 4133546816847836, guid: 3b9fd7dc832abfa42adb3cc7392b6fe8, type: 3}
      propertyPath: m_LocalRotation.w
      value: 1
      objectReference: {fileID: 0}
    - target: {fileID: 4133546816847836, guid: 3b9fd7dc832abfa42adb3cc7392b6fe8, type: 3}
      propertyPath: m_LocalRotation.x
      value: -0
      objectReference: {fileID: 0}
    - target: {fileID: 4133546816847836, guid: 3b9fd7dc832abfa42adb3cc7392b6fe8, type: 3}
      propertyPath: m_LocalRotation.y
      value: -0
      objectReference: {fileID: 0}
    - target: {fileID: 4133546816847836, guid: 3b9fd7dc832abfa42adb3cc7392b6fe8, type: 3}
      propertyPath: m_LocalRotation.z
      value: -0
      objectReference: {fileID: 0}
    - target: {fileID: 23410013502760422, guid: 3b9fd7dc832abfa42adb3cc7392b6fe8,
        type: 3}
      propertyPath: m_Materials.Array.data[0]
      value: 
      objectReference: {fileID: 2100000, guid: b62af2e3315b8064a99e673c7ff7bae4, type: 2}
    m_RemovedComponents: []
  m_SourcePrefab: {fileID: 100100000, guid: 3b9fd7dc832abfa42adb3cc7392b6fe8, type: 3}
--- !u!4 &3668030719279298000 stripped
Transform:
  m_CorrespondingSourceObject: {fileID: 4133546816847836, guid: 3b9fd7dc832abfa42adb3cc7392b6fe8,
    type: 3}
  m_PrefabInstance: {fileID: 3668703000889838092}
  m_PrefabAsset: {fileID: 0}
--- !u!1001 &3668703001119377665
PrefabInstance:
  m_ObjectHideFlags: 0
  serializedVersion: 2
  m_Modification:
    m_TransformParent: {fileID: 7997256861377327049}
    m_Modifications:
    - target: {fileID: 4526778783176550, guid: f4e8318e2ff68ac4392ae4b682daaf4e, type: 3}
      propertyPath: m_RootOrder
      value: 2
      objectReference: {fileID: 0}
    - target: {fileID: 4526778783176550, guid: f4e8318e2ff68ac4392ae4b682daaf4e, type: 3}
      propertyPath: m_LocalScale.x
      value: 1.6413867
      objectReference: {fileID: 0}
    - target: {fileID: 4526778783176550, guid: f4e8318e2ff68ac4392ae4b682daaf4e, type: 3}
      propertyPath: m_LocalScale.y
      value: 1.6413866
      objectReference: {fileID: 0}
    - target: {fileID: 4526778783176550, guid: f4e8318e2ff68ac4392ae4b682daaf4e, type: 3}
      propertyPath: m_LocalScale.z
      value: 1.6413866
      objectReference: {fileID: 0}
    - target: {fileID: 4526778783176550, guid: f4e8318e2ff68ac4392ae4b682daaf4e, type: 3}
      propertyPath: m_LocalPosition.x
      value: 23.361645
      objectReference: {fileID: 0}
    - target: {fileID: 4526778783176550, guid: f4e8318e2ff68ac4392ae4b682daaf4e, type: 3}
      propertyPath: m_LocalPosition.y
      value: 20.281958
      objectReference: {fileID: 0}
    - target: {fileID: 4526778783176550, guid: f4e8318e2ff68ac4392ae4b682daaf4e, type: 3}
      propertyPath: m_LocalPosition.z
      value: 65.00984
      objectReference: {fileID: 0}
    - target: {fileID: 4526778783176550, guid: f4e8318e2ff68ac4392ae4b682daaf4e, type: 3}
      propertyPath: m_LocalRotation.w
      value: 1
      objectReference: {fileID: 0}
    - target: {fileID: 4526778783176550, guid: f4e8318e2ff68ac4392ae4b682daaf4e, type: 3}
      propertyPath: m_LocalRotation.x
      value: -0
      objectReference: {fileID: 0}
    - target: {fileID: 4526778783176550, guid: f4e8318e2ff68ac4392ae4b682daaf4e, type: 3}
      propertyPath: m_LocalRotation.y
      value: -0
      objectReference: {fileID: 0}
    - target: {fileID: 4526778783176550, guid: f4e8318e2ff68ac4392ae4b682daaf4e, type: 3}
      propertyPath: m_LocalRotation.z
      value: -0
      objectReference: {fileID: 0}
    m_RemovedComponents: []
  m_SourcePrefab: {fileID: 100100000, guid: f4e8318e2ff68ac4392ae4b682daaf4e, type: 3}
--- !u!4 &3673192259068124775 stripped
Transform:
  m_CorrespondingSourceObject: {fileID: 4526778783176550, guid: f4e8318e2ff68ac4392ae4b682daaf4e,
    type: 3}
  m_PrefabInstance: {fileID: 3668703001119377665}
  m_PrefabAsset: {fileID: 0}
--- !u!1001 &3668703001720704188
PrefabInstance:
  m_ObjectHideFlags: 0
  serializedVersion: 2
  m_Modification:
    m_TransformParent: {fileID: 7997256861377327049}
    m_Modifications:
    - target: {fileID: 1324481334407720, guid: f4e8318e2ff68ac4392ae4b682daaf4e, type: 3}
      propertyPath: m_Name
      value: SM_Bld_Scav_Refinery_Silo_04 (1)
      objectReference: {fileID: 0}
    - target: {fileID: 4526778783176550, guid: f4e8318e2ff68ac4392ae4b682daaf4e, type: 3}
      propertyPath: m_RootOrder
      value: 3
      objectReference: {fileID: 0}
    - target: {fileID: 4526778783176550, guid: f4e8318e2ff68ac4392ae4b682daaf4e, type: 3}
      propertyPath: m_LocalScale.x
      value: 1.6413902
      objectReference: {fileID: 0}
    - target: {fileID: 4526778783176550, guid: f4e8318e2ff68ac4392ae4b682daaf4e, type: 3}
      propertyPath: m_LocalScale.y
      value: 1.6413902
      objectReference: {fileID: 0}
    - target: {fileID: 4526778783176550, guid: f4e8318e2ff68ac4392ae4b682daaf4e, type: 3}
      propertyPath: m_LocalScale.z
      value: 1.6413902
      objectReference: {fileID: 0}
    - target: {fileID: 4526778783176550, guid: f4e8318e2ff68ac4392ae4b682daaf4e, type: 3}
      propertyPath: m_LocalPosition.x
      value: 36.332645
      objectReference: {fileID: 0}
    - target: {fileID: 4526778783176550, guid: f4e8318e2ff68ac4392ae4b682daaf4e, type: 3}
      propertyPath: m_LocalPosition.y
      value: 20.281956
      objectReference: {fileID: 0}
    - target: {fileID: 4526778783176550, guid: f4e8318e2ff68ac4392ae4b682daaf4e, type: 3}
      propertyPath: m_LocalPosition.z
      value: 65.00984
      objectReference: {fileID: 0}
    - target: {fileID: 4526778783176550, guid: f4e8318e2ff68ac4392ae4b682daaf4e, type: 3}
      propertyPath: m_LocalRotation.w
      value: 1
      objectReference: {fileID: 0}
    - target: {fileID: 4526778783176550, guid: f4e8318e2ff68ac4392ae4b682daaf4e, type: 3}
      propertyPath: m_LocalRotation.x
      value: -0
      objectReference: {fileID: 0}
    - target: {fileID: 4526778783176550, guid: f4e8318e2ff68ac4392ae4b682daaf4e, type: 3}
      propertyPath: m_LocalRotation.y
      value: -0
      objectReference: {fileID: 0}
    - target: {fileID: 4526778783176550, guid: f4e8318e2ff68ac4392ae4b682daaf4e, type: 3}
      propertyPath: m_LocalRotation.z
      value: -0
      objectReference: {fileID: 0}
    m_RemovedComponents: []
  m_SourcePrefab: {fileID: 100100000, guid: f4e8318e2ff68ac4392ae4b682daaf4e, type: 3}
--- !u!4 &3673192257477008346 stripped
Transform:
  m_CorrespondingSourceObject: {fileID: 4526778783176550, guid: f4e8318e2ff68ac4392ae4b682daaf4e,
    type: 3}
  m_PrefabInstance: {fileID: 3668703001720704188}
  m_PrefabAsset: {fileID: 0}
--- !u!1001 &3668703002617765353
PrefabInstance:
  m_ObjectHideFlags: 0
  serializedVersion: 2
  m_Modification:
    m_TransformParent: {fileID: 7997256861377327049}
    m_Modifications:
    - target: {fileID: 1778505454180350, guid: 3b9fd7dc832abfa42adb3cc7392b6fe8, type: 3}
      propertyPath: m_Name
      value: SM_Bld_Scav_Refinery_Silo_01 (2)
      objectReference: {fileID: 0}
    - target: {fileID: 1778505454180350, guid: 3b9fd7dc832abfa42adb3cc7392b6fe8, type: 3}
      propertyPath: m_Layer
      value: 31
      objectReference: {fileID: 0}
    - target: {fileID: 4133546816847836, guid: 3b9fd7dc832abfa42adb3cc7392b6fe8, type: 3}
      propertyPath: m_RootOrder
      value: 0
      objectReference: {fileID: 0}
    - target: {fileID: 4133546816847836, guid: 3b9fd7dc832abfa42adb3cc7392b6fe8, type: 3}
      propertyPath: m_LocalScale.x
      value: 1.09
      objectReference: {fileID: 0}
    - target: {fileID: 4133546816847836, guid: 3b9fd7dc832abfa42adb3cc7392b6fe8, type: 3}
      propertyPath: m_LocalScale.y
      value: 1.09
      objectReference: {fileID: 0}
    - target: {fileID: 4133546816847836, guid: 3b9fd7dc832abfa42adb3cc7392b6fe8, type: 3}
      propertyPath: m_LocalScale.z
      value: 1.09
      objectReference: {fileID: 0}
    - target: {fileID: 4133546816847836, guid: 3b9fd7dc832abfa42adb3cc7392b6fe8, type: 3}
      propertyPath: m_LocalPosition.x
      value: 36.861645
      objectReference: {fileID: 0}
    - target: {fileID: 4133546816847836, guid: 3b9fd7dc832abfa42adb3cc7392b6fe8, type: 3}
      propertyPath: m_LocalPosition.y
      value: 42.84496
      objectReference: {fileID: 0}
    - target: {fileID: 4133546816847836, guid: 3b9fd7dc832abfa42adb3cc7392b6fe8, type: 3}
      propertyPath: m_LocalPosition.z
      value: 65.00984
      objectReference: {fileID: 0}
    - target: {fileID: 4133546816847836, guid: 3b9fd7dc832abfa42adb3cc7392b6fe8, type: 3}
      propertyPath: m_LocalRotation.w
      value: 1
      objectReference: {fileID: 0}
    - target: {fileID: 4133546816847836, guid: 3b9fd7dc832abfa42adb3cc7392b6fe8, type: 3}
      propertyPath: m_LocalRotation.x
      value: -0
      objectReference: {fileID: 0}
    - target: {fileID: 4133546816847836, guid: 3b9fd7dc832abfa42adb3cc7392b6fe8, type: 3}
      propertyPath: m_LocalRotation.y
      value: -0
      objectReference: {fileID: 0}
    - target: {fileID: 4133546816847836, guid: 3b9fd7dc832abfa42adb3cc7392b6fe8, type: 3}
      propertyPath: m_LocalRotation.z
      value: -0
      objectReference: {fileID: 0}
    - target: {fileID: 23410013502760422, guid: 3b9fd7dc832abfa42adb3cc7392b6fe8,
        type: 3}
      propertyPath: m_Materials.Array.data[0]
      value: 
      objectReference: {fileID: 2100000, guid: b62af2e3315b8064a99e673c7ff7bae4, type: 2}
    m_RemovedComponents: []
  m_SourcePrefab: {fileID: 100100000, guid: 3b9fd7dc832abfa42adb3cc7392b6fe8, type: 3}
--- !u!4 &3668030718558003765 stripped
Transform:
  m_CorrespondingSourceObject: {fileID: 4133546816847836, guid: 3b9fd7dc832abfa42adb3cc7392b6fe8,
    type: 3}
  m_PrefabInstance: {fileID: 3668703002617765353}
  m_PrefabAsset: {fileID: 0}
