%YAML 1.1
%TAG !u! tag:unity3d.com,2011:
--- !u!1 &2377070029531523490
GameObject:
  m_ObjectHideFlags: 0
  m_CorrespondingSourceObject: {fileID: 0}
  m_PrefabInstance: {fileID: 0}
  m_PrefabAsset: {fileID: 0}
  serializedVersion: 6
  m_Component:
  - component: {fileID: 3149947107012801304}
  - component: {fileID: 2024657896101084349}
  - component: {fileID: 4322876099972008055}
  - component: {fileID: 9001559675524010462}
  - component: {fileID: 1591036525950242791}
  - component: {fileID: 2356741611278832033}
  - component: {fileID: -7551020707995506923}
  m_Layer: 12
  m_Name: MinimalHP
  m_TagString: Item
  m_Icon: {fileID: 0}
  m_NavMeshLayer: 0
  m_StaticEditorFlags: 0
  m_IsActive: 1
--- !u!4 &3149947107012801304
Transform:
  m_ObjectHideFlags: 0
  m_CorrespondingSourceObject: {fileID: 0}
  m_PrefabInstance: {fileID: 0}
  m_PrefabAsset: {fileID: 0}
  m_GameObject: {fileID: 2377070029531523490}
  m_LocalRotation: {x: -0.72421414, y: 0.25321183, z: 0.21169174, w: 0.605462}
  m_LocalPosition: {x: -1.6350291, y: 1.1401266, z: -0.8215245}
  m_LocalScale: {x: 0.6, y: 0.3910497, z: 0.6}
  m_ConstrainProportionsScale: 1
  m_Children: []
  m_Father: {fileID: 0}
  m_RootOrder: 0
  m_LocalEulerAnglesHint: {x: -100.207, y: 0, z: 38.543}
--- !u!33 &2024657896101084349
MeshFilter:
  m_ObjectHideFlags: 0
  m_CorrespondingSourceObject: {fileID: 0}
  m_PrefabInstance: {fileID: 0}
  m_PrefabAsset: {fileID: 0}
  m_GameObject: {fileID: 2377070029531523490}
  m_Mesh: {fileID: -1550514412580984892, guid: bc37a5599f74bee4286bea759cbc6555, type: 3}
--- !u!23 &4322876099972008055
MeshRenderer:
  m_ObjectHideFlags: 0
  m_CorrespondingSourceObject: {fileID: 0}
  m_PrefabInstance: {fileID: 0}
  m_PrefabAsset: {fileID: 0}
  m_GameObject: {fileID: 2377070029531523490}
  m_Enabled: 1
  m_CastShadows: 1
  m_ReceiveShadows: 1
  m_DynamicOccludee: 1
  m_StaticShadowCaster: 0
  m_MotionVectors: 1
  m_LightProbeUsage: 1
  m_ReflectionProbeUsage: 1
  m_RayTracingMode: 2
  m_RayTraceProcedural: 0
  m_RenderingLayerMask: 1
  m_RendererPriority: 0
  m_Materials:
  - {fileID: -6478536213147159724, guid: bc37a5599f74bee4286bea759cbc6555, type: 3}
  m_StaticBatchInfo:
    firstSubMesh: 0
    subMeshCount: 0
  m_StaticBatchRoot: {fileID: 0}
  m_ProbeAnchor: {fileID: 0}
  m_LightProbeVolumeOverride: {fileID: 0}
  m_ScaleInLightmap: 1
  m_ReceiveGI: 1
  m_PreserveUVs: 0
  m_IgnoreNormalsForChartDetection: 0
  m_ImportantGI: 0
  m_StitchLightmapSeams: 1
  m_SelectedEditorRenderState: 3
  m_MinimumChartSize: 4
  m_AutoUVMaxDistance: 0.5
  m_AutoUVMaxAngle: 89
  m_LightmapParameters: {fileID: 0}
  m_SortingLayerID: 0
  m_SortingLayer: 0
  m_SortingOrder: 0
  m_AdditionalVertexStreams: {fileID: 0}
--- !u!114 &9001559675524010462
MonoBehaviour:
  m_ObjectHideFlags: 0
  m_CorrespondingSourceObject: {fileID: 0}
  m_PrefabInstance: {fileID: 0}
  m_PrefabAsset: {fileID: 0}
  m_GameObject: {fileID: 2377070029531523490}
  m_Enabled: 1
  m_EditorHideFlags: 0
  m_Script: {fileID: 11500000, guid: 1cff5bbd3f179ca48973719391a84657, type: 3}
  m_Name: 
  m_EditorClassIdentifier: 
  _componentIndexCache: 0
  _addedNetworkObject: {fileID: 1591036525950242791}
  _networkObjectCache: {fileID: 1591036525950242791}
  item: {fileID: 11400000, guid: 82c82e822ee6500478d3f63ed66234f7, type: 2}
  amount: 1
--- !u!114 &1591036525950242791
MonoBehaviour:
  m_ObjectHideFlags: 0
  m_CorrespondingSourceObject: {fileID: 0}
  m_PrefabInstance: {fileID: 0}
  m_PrefabAsset: {fileID: 0}
  m_GameObject: {fileID: 2377070029531523490}
  m_Enabled: 1
  m_EditorHideFlags: 0
  m_Script: {fileID: 11500000, guid: 26b716c41e9b56b4baafaf13a523ba2e, type: 3}
  m_Name: 
  m_EditorClassIdentifier: 
  <IsNested>k__BackingField: 0
  <ComponentIndex>k__BackingField: 0
  <PredictedSpawn>k__BackingField: {fileID: 0}
  _networkBehaviours:
  - {fileID: 9001559675524010462}
  - {fileID: 2356741611278832033}
  <ParentNetworkObject>k__BackingField: {fileID: 0}
  <ChildNetworkObjects>k__BackingField: []
  _isNetworked: 1
  _isGlobal: 0
  _initializeOrder: 0
  _defaultDespawnType: 0
  NetworkObserver: {fileID: 0}
  <PrefabId>k__BackingField: 1
  <SpawnableCollectionId>k__BackingField: 0
  _scenePathHash: 2427050688
  <SceneId>k__BackingField: 0
  <AssetPathHash>k__BackingField: 852455452621233138
  _sceneNetworkObjects:
  - {fileID: 0}
  - {fileID: 1591036525950242791}
  - {fileID: 0}
--- !u!114 &2356741611278832033
MonoBehaviour:
  m_ObjectHideFlags: 0
  m_CorrespondingSourceObject: {fileID: 0}
  m_PrefabInstance: {fileID: 0}
  m_PrefabAsset: {fileID: 0}
  m_GameObject: {fileID: 2377070029531523490}
  m_Enabled: 1
  m_EditorHideFlags: 0
  m_Script: {fileID: 11500000, guid: d39bf28d29c27564bb080aed79446aaa, type: 3}
  m_Name: 
  m_EditorClassIdentifier: 
  _componentIndexCache: 1
  _addedNetworkObject: {fileID: 1591036525950242791}
  _networkObjectCache: {fileID: 1591036525950242791}
--- !u!65 &-7551020707995506923
BoxCollider:
  m_ObjectHideFlags: 0
  m_CorrespondingSourceObject: {fileID: 0}
  m_PrefabInstance: {fileID: 0}
  m_PrefabAsset: {fileID: 0}
  m_GameObject: {fileID: 2377070029531523490}
  m_Material: {fileID: 0}
  m_IsTrigger: 0
  m_Enabled: 1
  serializedVersion: 2
  m_Size: {x: 0.3850961, y: 0.62919533, z: 0.48956037}
  m_Center: {x: 0.042095333, y: -0.30459768, z: 0.2116777}
