%YAML 1.1
%TAG !u! tag:unity3d.com,2011:
--- !u!1 &265155178305629892
GameObject:
  m_ObjectHideFlags: 0
  m_CorrespondingSourceObject: {fileID: 0}
  m_PrefabInstance: {fileID: 0}
  m_PrefabAsset: {fileID: 0}
  serializedVersion: 6
  m_Component:
  - component: {fileID: 265155178305629893}
  - component: {fileID: 7171638695221388591}
  - component: {fileID: 2673648970258576522}
  - component: {fileID: 2154076804913452106}
  - component: {fileID: 4382017680145296152}
  - component: {fileID: 7776747466556073895}
  m_Layer: 12
  m_Name: 13-Bat_Effect
  m_TagString: Item
  m_Icon: {fileID: 0}
  m_NavMeshLayer: 0
  m_StaticEditorFlags: 0
  m_IsActive: 1
--- !u!4 &265155178305629893
Transform:
  m_ObjectHideFlags: 0
  m_CorrespondingSourceObject: {fileID: 0}
  m_PrefabInstance: {fileID: 0}
  m_PrefabAsset: {fileID: 0}
  m_GameObject: {fileID: 265155178305629892}
  m_LocalRotation: {x: 0, y: 0, z: 0, w: 1}
  m_LocalPosition: {x: 0, y: 0.396, z: 0}
  m_LocalScale: {x: 1, y: 1, z: 1}
  m_ConstrainProportionsScale: 0
  m_Children:
  - {fileID: 6126696813776696879}
  - {fileID: 7115309561520749729}
  - {fileID: 580882557003680343}
  - {fileID: 4638833046979124158}
  m_Father: {fileID: 0}
  m_RootOrder: 0
  m_LocalEulerAnglesHint: {x: 0, y: 0, z: 0}
--- !u!114 &7171638695221388591
MonoBehaviour:
  m_ObjectHideFlags: 0
  m_CorrespondingSourceObject: {fileID: 0}
  m_PrefabInstance: {fileID: 0}
  m_PrefabAsset: {fileID: 0}
  m_GameObject: {fileID: 265155178305629892}
  m_Enabled: 1
  m_EditorHideFlags: 0
  m_Script: {fileID: 11500000, guid: 26b716c41e9b56b4baafaf13a523ba2e, type: 3}
  m_Name: 
  m_EditorClassIdentifier: 
  <IsNested>k__BackingField: 0
  <ComponentIndex>k__BackingField: 0
  <PredictedSpawn>k__BackingField: {fileID: 0}
  _networkBehaviours:
  - {fileID: 2154076804913452106}
  - {fileID: 4382017680145296152}
  <ParentNetworkObject>k__BackingField: {fileID: 0}
  <ChildNetworkObjects>k__BackingField: []
  _isNetworked: 1
  _isGlobal: 0
  _initializeOrder: 0
  _defaultDespawnType: 0
  NetworkObserver: {fileID: 0}
  <PrefabId>k__BackingField: 23
  <SpawnableCollectionId>k__BackingField: 0
  _scenePathHash: 922995172
  <SceneId>k__BackingField: 0
  <AssetPathHash>k__BackingField: 1544559782573309962
  _sceneNetworkObjects:
  - {fileID: 7171638695221388591}
--- !u!65 &2673648970258576522
BoxCollider:
  m_ObjectHideFlags: 0
  m_CorrespondingSourceObject: {fileID: 0}
  m_PrefabInstance: {fileID: 0}
  m_PrefabAsset: {fileID: 0}
  m_GameObject: {fileID: 265155178305629892}
  m_Material: {fileID: 0}
  m_IsTrigger: 1
  m_Enabled: 1
  serializedVersion: 2
  m_Size: {x: 0.54, y: 0.98, z: 0.3}
  m_Center: {x: 0, y: 0.15, z: 0}
--- !u!114 &2154076804913452106
MonoBehaviour:
  m_ObjectHideFlags: 0
  m_CorrespondingSourceObject: {fileID: 0}
  m_PrefabInstance: {fileID: 0}
  m_PrefabAsset: {fileID: 0}
  m_GameObject: {fileID: 265155178305629892}
  m_Enabled: 1
  m_EditorHideFlags: 0
  m_Script: {fileID: 11500000, guid: 1cff5bbd3f179ca48973719391a84657, type: 3}
  m_Name: 
  m_EditorClassIdentifier: 
  _componentIndexCache: 0
  _addedNetworkObject: {fileID: 7171638695221388591}
  _networkObjectCache: {fileID: 7171638695221388591}
  item: {fileID: 11400000, guid: 1a4b6dc1a22928a4cb66bb19c5ff3033, type: 2}
  amount: 1
--- !u!114 &4382017680145296152
MonoBehaviour:
  m_ObjectHideFlags: 0
  m_CorrespondingSourceObject: {fileID: 0}
  m_PrefabInstance: {fileID: 0}
  m_PrefabAsset: {fileID: 0}
  m_GameObject: {fileID: 265155178305629892}
  m_Enabled: 1
  m_EditorHideFlags: 0
  m_Script: {fileID: 11500000, guid: d39bf28d29c27564bb080aed79446aaa, type: 3}
  m_Name: 
  m_EditorClassIdentifier: 
  _componentIndexCache: 1
  _addedNetworkObject: {fileID: 7171638695221388591}
  _networkObjectCache: {fileID: 7171638695221388591}
--- !u!114 &7776747466556073895
MonoBehaviour:
  m_ObjectHideFlags: 0
  m_CorrespondingSourceObject: {fileID: 0}
  m_PrefabInstance: {fileID: 0}
  m_PrefabAsset: {fileID: 0}
  m_GameObject: {fileID: 265155178305629892}
  m_Enabled: 1
  m_EditorHideFlags: 0
  m_Script: {fileID: 11500000, guid: 888380afc233049ce9e618f9f36c8ba8, type: 3}
  m_Name: 
  m_EditorClassIdentifier: 
  profile: {fileID: 0}
  profileSync: 0
  previewInEditor: 1
  camerasLayerMask:
    serializedVersion: 2
    m_Bits: 4294967295
  effectGroup: 0
  effectGroupLayer:
    serializedVersion: 2
    m_Bits: 4294967295
  effectNameFilter: 
  combineMeshes: 0
  alphaCutOff: 0
  cullBackFaces: 1
  ignoreObjectVisibility: 0
  reflectionProbes: 0
  GPUInstancing: 1
  depthClip: 0
  cameraDistanceFade: 0
  cameraDistanceFadeNear: 0
  cameraDistanceFadeFar: 1000
  normalsOption: 0
  ignore: 0
  _highlighted: 1
  fadeInDuration: 0
  fadeOutDuration: 0.31
  flipY: 0
  constantWidth: 1
  subMeshMask: -1
  overlay: 0
  overlayColor: {r: 0.14637883, g: 0.015686274, b: 1, a: 1}
  overlayAnimationSpeed: 1
  overlayMinIntensity: 0.5
  overlayBlending: 1
  overlayTexture: {fileID: 0}
  overlayTextureScale: 1
  outline: 0
  outlineColor: {r: 0, g: 0, b: 0, a: 1}
  outlineWidth: 0.45
  outlineQuality: 3
  outlineDownsampling: 2
  outlineVisibility: 0
  glowBlendMode: 0
  outlineBlitDebug: 0
  outlineIndependent: 0
  glow: 2.83
  glowWidth: 0.4
  glowQuality: 2
  glowDownsampling: 2
  glowHQColor: {r: 0.5294118, g: 0.07058824, b: 0.442155, a: 1}
  glowDithering: 1
  glowMagicNumber1: 0.75
  glowMagicNumber2: 0.5
  glowAnimationSpeed: 1
  glowVisibility: 0
  glowBlitDebug: 0
  glowBlendPasses: 1
  glowPasses:
  - offset: 4
    alpha: 0.1
    color: {r: 0.64, g: 1, b: 0, a: 1}
  - offset: 3
    alpha: 0.2
    color: {r: 0.64, g: 1, b: 0, a: 1}
  - offset: 2
    alpha: 0.3
    color: {r: 0.64, g: 1, b: 0, a: 1}
  - offset: 1
    alpha: 0.4
    color: {r: 0.64, g: 1, b: 0, a: 1}
  glowIgnoreMask: 0
  innerGlow: 0.67
  innerGlowWidth: 1
  innerGlowColor: {r: 1, g: 1, b: 1, a: 1}
  innerGlowVisibility: 0
  targetFX: 0
  targetFXTexture: {fileID: 0}
  targetFXColor: {r: 1, g: 1, b: 1, a: 1}
  targetFXCenter: {fileID: 0}
  targetFXRotationSpeed: 50
  targetFXInitialScale: 4
  targetFXEndScale: 1.5
  targetFXScaleToRenderBounds: 1
  targetFXAlignToGround: 0
  targetFXFadePower: 32
  targetFXGroundMaxDistance: 10
  targetFXGroundLayerMask:
    serializedVersion: 2
    m_Bits: 4294967295
  targetFXTransitionDuration: 0.5
  targetFXStayDuration: 1.5
  targetFXVisibility: 1
  seeThrough: 2
  seeThroughOccluderMask:
    serializedVersion: 2
    m_Bits: 4294967295
  seeThroughOccluderThreshold: 0.3
  seeThroughOccluderMaskAccurate: 0
  seeThroughOccluderCheckInterval: 1
  seeThroughOccluderCheckIndividualObjects: 0
  seeThroughDepthOffset: 0
  seeThroughMaxDepth: 0
  seeThroughIntensity: 0.8
  seeThroughTintAlpha: 0.5
  seeThroughTintColor: {r: 1, g: 0, b: 0, a: 1}
  seeThroughNoise: 1
  seeThroughBorder: 0
  seeThroughBorderColor: {r: 0, g: 0, b: 0, a: 1}
  seeThroughBorderOnly: 0
  seeThroughBorderWidth: 0.45
  seeThroughOrdered: 0
  rmsCount: 1
  hitFxInitialIntensity: 0
  hitFxMode: 0
  hitFxFadeOutDuration: 0.25
  hitFxColor: {r: 1, g: 1, b: 1, a: 1}
  hitFxRadius: 0.5
--- !u!1 &1783125292303628793
GameObject:
  m_ObjectHideFlags: 0
  m_CorrespondingSourceObject: {fileID: 0}
  m_PrefabInstance: {fileID: 0}
  m_PrefabAsset: {fileID: 0}
  serializedVersion: 6
  m_Component:
  - component: {fileID: 580882557003680343}
  - component: {fileID: 1926449666001194642}
  m_Layer: 13
  m_Name: GameObject
  m_TagString: Untagged
  m_Icon: {fileID: 0}
  m_NavMeshLayer: 0
  m_StaticEditorFlags: 0
  m_IsActive: 1
--- !u!4 &580882557003680343
Transform:
  m_ObjectHideFlags: 0
  m_CorrespondingSourceObject: {fileID: 0}
  m_PrefabInstance: {fileID: 0}
  m_PrefabAsset: {fileID: 0}
  m_GameObject: {fileID: 1783125292303628793}
  m_LocalRotation: {x: 0, y: 0, z: 0, w: 1}
  m_LocalPosition: {x: 0, y: 0, z: 0}
  m_LocalScale: {x: 1, y: 1, z: 1}
  m_ConstrainProportionsScale: 0
  m_Children: []
  m_Father: {fileID: 265155178305629893}
  m_RootOrder: 2
  m_LocalEulerAnglesHint: {x: 0, y: 0, z: 0}
--- !u!65 &1926449666001194642
BoxCollider:
  m_ObjectHideFlags: 0
  m_CorrespondingSourceObject: {fileID: 0}
  m_PrefabInstance: {fileID: 0}
  m_PrefabAsset: {fileID: 0}
  m_GameObject: {fileID: 1783125292303628793}
  m_Material: {fileID: 0}
  m_IsTrigger: 0
  m_Enabled: 1
  serializedVersion: 2
  m_Size: {x: 0.54, y: 0.98, z: 0.3}
  m_Center: {x: 0, y: 0.15, z: 0}
--- !u!1 &6126696813776696880
GameObject:
  m_ObjectHideFlags: 0
  m_CorrespondingSourceObject: {fileID: 0}
  m_PrefabInstance: {fileID: 0}
  m_PrefabAsset: {fileID: 0}
  serializedVersion: 6
  m_Component:
  - component: {fileID: 6126696813776696879}
  - component: {fileID: 4989583279761281808}
  m_Layer: 12
  m_Name: NeonBlade
  m_TagString: Untagged
  m_Icon: {fileID: 0}
  m_NavMeshLayer: 0
  m_StaticEditorFlags: 0
  m_IsActive: 1
--- !u!4 &6126696813776696879
Transform:
  m_ObjectHideFlags: 0
  m_CorrespondingSourceObject: {fileID: 0}
  m_PrefabInstance: {fileID: 0}
  m_PrefabAsset: {fileID: 0}
  m_GameObject: {fileID: 6126696813776696880}
  m_LocalRotation: {x: 0, y: 0, z: 0, w: 1}
  m_LocalPosition: {x: -0.11, y: -0.06, z: -0.13}
  m_LocalScale: {x: 1, y: 1, z: 1}
  m_ConstrainProportionsScale: 0
  m_Children:
  - {fileID: 1675565629136676970}
  m_Father: {fileID: 265155178305629893}
  m_RootOrder: 0
  m_LocalEulerAnglesHint: {x: 0, y: 0, z: 0}
--- !u!114 &4989583279761281808
MonoBehaviour:
  m_ObjectHideFlags: 0
  m_CorrespondingSourceObject: {fileID: 0}
  m_PrefabInstance: {fileID: 0}
  m_PrefabAsset: {fileID: 0}
  m_GameObject: {fileID: 6126696813776696880}
  m_Enabled: 0
  m_EditorHideFlags: 0
  m_Script: {fileID: 11500000, guid: 42a1ea3b7dc4747439d0927ef2e0c713, type: 3}
  m_Name: 
  m_EditorClassIdentifier: 
  degreesPerSecond: 10
  amplitude: 0.05
  frequency: 1
--- !u!1001 &1814399698642303462
PrefabInstance:
  m_ObjectHideFlags: 0
  serializedVersion: 2
  m_Modification:
    m_TransformParent: {fileID: 6126696813776696879}
    m_Modifications:
    - target: {fileID: 1039985057242927497, guid: 18a9680aef514844d9b3b9467da919de, type: 3}
      propertyPath: m_Name
      value: 13-Bat
      objectReference: {fileID: 0}
    - target: {fileID: 1039985057242927500, guid: 18a9680aef514844d9b3b9467da919de, type: 3}
      propertyPath: m_RootOrder
      value: 0
      objectReference: {fileID: 0}
    - target: {fileID: 1039985057242927500, guid: 18a9680aef514844d9b3b9467da919de, type: 3}
      propertyPath: m_LocalScale.x
      value: 6.4
      objectReference: {fileID: 0}
    - target: {fileID: 1039985057242927500, guid: 18a9680aef514844d9b3b9467da919de, type: 3}
      propertyPath: m_LocalScale.y
      value: 6.4
      objectReference: {fileID: 0}
    - target: {fileID: 1039985057242927500, guid: 18a9680aef514844d9b3b9467da919de, type: 3}
      propertyPath: m_LocalScale.z
      value: 6.4
      objectReference: {fileID: 0}
    - target: {fileID: 1039985057242927500, guid: 18a9680aef514844d9b3b9467da919de, type: 3}
      propertyPath: m_LocalPosition.x
      value: -0.364
      objectReference: {fileID: 0}
    - target: {fileID: 1039985057242927500, guid: 18a9680aef514844d9b3b9467da919de, type: 3}
      propertyPath: m_LocalPosition.y
      value: 0.283
      objectReference: {fileID: 0}
    - target: {fileID: 1039985057242927500, guid: 18a9680aef514844d9b3b9467da919de, type: 3}
      propertyPath: m_LocalPosition.z
      value: -0.57
      objectReference: {fileID: 0}
    - target: {fileID: 1039985057242927500, guid: 18a9680aef514844d9b3b9467da919de, type: 3}
      propertyPath: m_LocalRotation.w
      value: 0.7071068
      objectReference: {fileID: 0}
    - target: {fileID: 1039985057242927500, guid: 18a9680aef514844d9b3b9467da919de, type: 3}
      propertyPath: m_LocalRotation.x
      value: 0.7071068
      objectReference: {fileID: 0}
    - target: {fileID: 1039985057242927500, guid: 18a9680aef514844d9b3b9467da919de, type: 3}
      propertyPath: m_LocalRotation.y
      value: 0
      objectReference: {fileID: 0}
    - target: {fileID: 1039985057242927500, guid: 18a9680aef514844d9b3b9467da919de, type: 3}
      propertyPath: m_LocalRotation.z
      value: 0
      objectReference: {fileID: 0}
    - target: {fileID: 1039985057242927500, guid: 18a9680aef514844d9b3b9467da919de, type: 3}
      propertyPath: m_LocalEulerAnglesHint.x
      value: 90
      objectReference: {fileID: 0}
    - target: {fileID: 1039985057242927500, guid: 18a9680aef514844d9b3b9467da919de, type: 3}
      propertyPath: m_LocalEulerAnglesHint.y
      value: 0
      objectReference: {fileID: 0}
    - target: {fileID: 1039985057242927500, guid: 18a9680aef514844d9b3b9467da919de, type: 3}
      propertyPath: m_LocalEulerAnglesHint.z
      value: 0
      objectReference: {fileID: 0}
    - target: {fileID: 1039985057242927500, guid: 18a9680aef514844d9b3b9467da919de, type: 3}
      propertyPath: m_ConstrainProportionsScale
      value: 1
      objectReference: {fileID: 0}
    m_RemovedComponents: []
  m_SourcePrefab: {fileID: 100100000, guid: 18a9680aef514844d9b3b9467da919de, type: 3}
--- !u!4 &1675565629136676970 stripped
Transform:
  m_CorrespondingSourceObject: {fileID: 1039985057242927500, guid: 18a9680aef514844d9b3b9467da919de, type: 3}
  m_PrefabInstance: {fileID: 1814399698642303462}
  m_PrefabAsset: {fileID: 0}
--- !u!1001 &6828653272256368245
PrefabInstance:
  m_ObjectHideFlags: 0
  serializedVersion: 2
  m_Modification:
    m_TransformParent: {fileID: 265155178305629893}
    m_Modifications:
    - target: {fileID: 4352914579572104942, guid: 59545ceeeb6214e479da6c127e9dcf95, type: 3}
      propertyPath: m_Name
      value: Effect_Melee
      objectReference: {fileID: 0}
    - target: {fileID: 4357962310036501204, guid: 59545ceeeb6214e479da6c127e9dcf95, type: 3}
      propertyPath: m_RootOrder
      value: 1
      objectReference: {fileID: 0}
    - target: {fileID: 4357962310036501204, guid: 59545ceeeb6214e479da6c127e9dcf95, type: 3}
      propertyPath: m_LocalPosition.x
      value: 0
      objectReference: {fileID: 0}
    - target: {fileID: 4357962310036501204, guid: 59545ceeeb6214e479da6c127e9dcf95, type: 3}
      propertyPath: m_LocalPosition.y
      value: -0.196
      objectReference: {fileID: 0}
    - target: {fileID: 4357962310036501204, guid: 59545ceeeb6214e479da6c127e9dcf95, type: 3}
      propertyPath: m_LocalPosition.z
      value: 0
      objectReference: {fileID: 0}
    - target: {fileID: 4357962310036501204, guid: 59545ceeeb6214e479da6c127e9dcf95, type: 3}
      propertyPath: m_LocalRotation.w
      value: 1
      objectReference: {fileID: 0}
    - target: {fileID: 4357962310036501204, guid: 59545ceeeb6214e479da6c127e9dcf95, type: 3}
      propertyPath: m_LocalRotation.x
      value: -0
      objectReference: {fileID: 0}
    - target: {fileID: 4357962310036501204, guid: 59545ceeeb6214e479da6c127e9dcf95, type: 3}
      propertyPath: m_LocalRotation.y
      value: -0
      objectReference: {fileID: 0}
    - target: {fileID: 4357962310036501204, guid: 59545ceeeb6214e479da6c127e9dcf95, type: 3}
      propertyPath: m_LocalRotation.z
      value: -0
      objectReference: {fileID: 0}
    - target: {fileID: 4357962310036501204, guid: 59545ceeeb6214e479da6c127e9dcf95, type: 3}
      propertyPath: m_LocalEulerAnglesHint.x
      value: 0
      objectReference: {fileID: 0}
    - target: {fileID: 4357962310036501204, guid: 59545ceeeb6214e479da6c127e9dcf95, type: 3}
      propertyPath: m_LocalEulerAnglesHint.y
      value: 0
      objectReference: {fileID: 0}
    - target: {fileID: 4357962310036501204, guid: 59545ceeeb6214e479da6c127e9dcf95, type: 3}
      propertyPath: m_LocalEulerAnglesHint.z
      value: 0
      objectReference: {fileID: 0}
    m_RemovedComponents: []
  m_SourcePrefab: {fileID: 100100000, guid: 59545ceeeb6214e479da6c127e9dcf95, type: 3}
--- !u!4 &7115309561520749729 stripped
Transform:
  m_CorrespondingSourceObject: {fileID: 4357962310036501204, guid: 59545ceeeb6214e479da6c127e9dcf95, type: 3}
  m_PrefabInstance: {fileID: 6828653272256368245}
  m_PrefabAsset: {fileID: 0}
--- !u!1001 &8755072404005955982
PrefabInstance:
  m_ObjectHideFlags: 0
  serializedVersion: 2
  m_Modification:
    m_TransformParent: {fileID: 265155178305629893}
    m_Modifications:
    - target: {fileID: 4170388106745295408, guid: 5d7635ecfdd01d44db99b44e8288d2a9, type: 3}
      propertyPath: m_RootOrder
      value: 3
      objectReference: {fileID: 0}
    - target: {fileID: 4170388106745295408, guid: 5d7635ecfdd01d44db99b44e8288d2a9, type: 3}
      propertyPath: m_LocalPosition.x
      value: 0
      objectReference: {fileID: 0}
    - target: {fileID: 4170388106745295408, guid: 5d7635ecfdd01d44db99b44e8288d2a9, type: 3}
      propertyPath: m_LocalPosition.y
      value: 0
      objectReference: {fileID: 0}
    - target: {fileID: 4170388106745295408, guid: 5d7635ecfdd01d44db99b44e8288d2a9, type: 3}
      propertyPath: m_LocalPosition.z
      value: 0
      objectReference: {fileID: 0}
    - target: {fileID: 4170388106745295408, guid: 5d7635ecfdd01d44db99b44e8288d2a9, type: 3}
      propertyPath: m_LocalRotation.w
      value: 0.7071068
      objectReference: {fileID: 0}
    - target: {fileID: 4170388106745295408, guid: 5d7635ecfdd01d44db99b44e8288d2a9, type: 3}
      propertyPath: m_LocalRotation.x
      value: -0.7071068
      objectReference: {fileID: 0}
    - target: {fileID: 4170388106745295408, guid: 5d7635ecfdd01d44db99b44e8288d2a9, type: 3}
      propertyPath: m_LocalRotation.y
      value: 0
      objectReference: {fileID: 0}
    - target: {fileID: 4170388106745295408, guid: 5d7635ecfdd01d44db99b44e8288d2a9, type: 3}
      propertyPath: m_LocalRotation.z
      value: 0
      objectReference: {fileID: 0}
    - target: {fileID: 4170388106745295408, guid: 5d7635ecfdd01d44db99b44e8288d2a9, type: 3}
      propertyPath: m_LocalEulerAnglesHint.x
      value: -90
      objectReference: {fileID: 0}
    - target: {fileID: 4170388106745295408, guid: 5d7635ecfdd01d44db99b44e8288d2a9, type: 3}
      propertyPath: m_LocalEulerAnglesHint.y
      value: 0
      objectReference: {fileID: 0}
    - target: {fileID: 4170388106745295408, guid: 5d7635ecfdd01d44db99b44e8288d2a9, type: 3}
      propertyPath: m_LocalEulerAnglesHint.z
      value: 0
      objectReference: {fileID: 0}
    - target: {fileID: 6025871227307840134, guid: 5d7635ecfdd01d44db99b44e8288d2a9, type: 3}
      propertyPath: m_Name
      value: DropItemEffect
      objectReference: {fileID: 0}
    - target: {fileID: 6025871227307840134, guid: 5d7635ecfdd01d44db99b44e8288d2a9, type: 3}
      propertyPath: m_IsActive
      value: 0
      objectReference: {fileID: 0}
    m_RemovedComponents: []
  m_SourcePrefab: {fileID: 100100000, guid: 5d7635ecfdd01d44db99b44e8288d2a9, type: 3}
--- !u!4 &4638833046979124158 stripped
Transform:
  m_CorrespondingSourceObject: {fileID: 4170388106745295408, guid: 5d7635ecfdd01d44db99b44e8288d2a9, type: 3}
  m_PrefabInstance: {fileID: 8755072404005955982}
  m_PrefabAsset: {fileID: 0}
