%YAML 1.1
%TAG !u! tag:unity3d.com,2011:
--- !u!1 &6335389949683588738
GameObject:
  m_ObjectHideFlags: 0
  m_CorrespondingSourceObject: {fileID: 0}
  m_PrefabInstance: {fileID: 0}
  m_PrefabAsset: {fileID: 0}
  serializedVersion: 6
  m_Component:
  - component: {fileID: 6335389949684073122}
  - component: {fileID: 6335389949680648834}
  - component: {fileID: 6335389949681647682}
  m_Layer: 0
  m_Name: CharacterStand
  m_TagString: Untagged
  m_Icon: {fileID: 0}
  m_NavMeshLayer: 0
  m_StaticEditorFlags: 0
  m_IsActive: 1
--- !u!4 &6335389949684073122
Transform:
  m_ObjectHideFlags: 0
  m_CorrespondingSourceObject: {fileID: 0}
  m_PrefabInstance: {fileID: 0}
  m_PrefabAsset: {fileID: 0}
  m_GameObject: {fileID: 6335389949683588738}
  m_LocalRotation: {x: 0, y: 0, z: 0, w: 1}
  m_LocalPosition: {x: 0, y: 0.215, z: 0}
  m_LocalScale: {x: 0.32, y: 0.32, z: 0.32}
  m_ConstrainProportionsScale: 1
  m_Children:
  - {fileID: 7411460556112162466}
  m_Father: {fileID: 7411460556258312112}
  m_RootOrder: 0
  m_LocalEulerAnglesHint: {x: 0, y: 0, z: 0}
--- !u!33 &6335389949680648834
MeshFilter:
  m_ObjectHideFlags: 0
  m_CorrespondingSourceObject: {fileID: 0}
  m_PrefabInstance: {fileID: 0}
  m_PrefabAsset: {fileID: 0}
  m_GameObject: {fileID: 6335389949683588738}
  m_Mesh: {fileID: 4300000, guid: a1383a8435efce941aec51baab1ecf9e, type: 3}
--- !u!23 &6335389949681647682
MeshRenderer:
  m_ObjectHideFlags: 0
  m_CorrespondingSourceObject: {fileID: 0}
  m_PrefabInstance: {fileID: 0}
  m_PrefabAsset: {fileID: 0}
  m_GameObject: {fileID: 6335389949683588738}
  m_Enabled: 1
  m_CastShadows: 1
  m_ReceiveShadows: 1
  m_DynamicOccludee: 1
  m_StaticShadowCaster: 0
  m_MotionVectors: 1
  m_LightProbeUsage: 1
  m_ReflectionProbeUsage: 1
  m_RayTracingMode: 2
  m_RayTraceProcedural: 0
  m_RenderingLayerMask: 1
  m_RendererPriority: 0
  m_Materials:
  - {fileID: 2100000, guid: 6308c87608bdebf4a908dd89b0a27287, type: 2}
  m_StaticBatchInfo:
    firstSubMesh: 0
    subMeshCount: 0
  m_StaticBatchRoot: {fileID: 0}
  m_ProbeAnchor: {fileID: 0}
  m_LightProbeVolumeOverride: {fileID: 0}
  m_ScaleInLightmap: 1
  m_ReceiveGI: 1
  m_PreserveUVs: 0
  m_IgnoreNormalsForChartDetection: 0
  m_ImportantGI: 0
  m_StitchLightmapSeams: 1
  m_SelectedEditorRenderState: 3
  m_MinimumChartSize: 4
  m_AutoUVMaxDistance: 0.5
  m_AutoUVMaxAngle: 89
  m_LightmapParameters: {fileID: 0}
  m_SortingLayerID: 0
  m_SortingLayer: 0
  m_SortingOrder: 0
  m_AdditionalVertexStreams: {fileID: 0}
--- !u!1 &7411460556112162465
GameObject:
  m_ObjectHideFlags: 0
  m_CorrespondingSourceObject: {fileID: 0}
  m_PrefabInstance: {fileID: 0}
  m_PrefabAsset: {fileID: 0}
  serializedVersion: 6
  m_Component:
  - component: {fileID: 7411460556112162466}
  m_Layer: 0
  m_Name: StandingPosition
  m_TagString: Untagged
  m_Icon: {fileID: 0}
  m_NavMeshLayer: 0
  m_StaticEditorFlags: 0
  m_IsActive: 1
--- !u!4 &7411460556112162466
Transform:
  m_ObjectHideFlags: 0
  m_CorrespondingSourceObject: {fileID: 0}
  m_PrefabInstance: {fileID: 0}
  m_PrefabAsset: {fileID: 0}
  m_GameObject: {fileID: 7411460556112162465}
  m_LocalRotation: {x: 0, y: 0, z: 0, w: 1}
  m_LocalPosition: {x: 0, y: 1.077, z: 0}
  m_LocalScale: {x: 1, y: 1, z: 1}
  m_ConstrainProportionsScale: 0
  m_Children:
  - {fileID: 881836555640324728}
  m_Father: {fileID: 6335389949684073122}
  m_RootOrder: 0
  m_LocalEulerAnglesHint: {x: 0, y: 0, z: 0}
--- !u!1 &7411460556258312127
GameObject:
  m_ObjectHideFlags: 0
  m_CorrespondingSourceObject: {fileID: 0}
  m_PrefabInstance: {fileID: 0}
  m_PrefabAsset: {fileID: 0}
  serializedVersion: 6
  m_Component:
  - component: {fileID: 7411460556258312112}
  m_Layer: 0
  m_Name: DisplayModel
  m_TagString: Untagged
  m_Icon: {fileID: 0}
  m_NavMeshLayer: 0
  m_StaticEditorFlags: 0
  m_IsActive: 1
--- !u!4 &7411460556258312112
Transform:
  m_ObjectHideFlags: 0
  m_CorrespondingSourceObject: {fileID: 0}
  m_PrefabInstance: {fileID: 0}
  m_PrefabAsset: {fileID: 0}
  m_GameObject: {fileID: 7411460556258312127}
  m_LocalRotation: {x: 0, y: 0, z: 0, w: 1}
  m_LocalPosition: {x: 0, y: 0, z: 0}
  m_LocalScale: {x: 1, y: 1, z: 1}
  m_ConstrainProportionsScale: 0
  m_Children:
  - {fileID: 6335389949684073122}
  m_Father: {fileID: 0}
  m_RootOrder: 0
  m_LocalEulerAnglesHint: {x: 0, y: 0, z: 0}
--- !u!1001 &7411460555789168372
PrefabInstance:
  m_ObjectHideFlags: 0
  serializedVersion: 2
  m_Modification:
    m_TransformParent: {fileID: 7411460556112162466}
    m_Modifications:
    - target: {fileID: 4325154816217675510, guid: 4787bb5e71cebd642840037777f5f95c, type: 3}
      propertyPath: m_Controller
      value: 
      objectReference: {fileID: 9100000, guid: 6290108535f98b640b2b7a6600c867bb, type: 2}
    - target: {fileID: 7038551292669916726, guid: 4787bb5e71cebd642840037777f5f95c, type: 3}
      propertyPath: m_Name
      value: DummyModel
      objectReference: {fileID: 0}
    - target: {fileID: 7702885681751960716, guid: 4787bb5e71cebd642840037777f5f95c, type: 3}
      propertyPath: m_RootOrder
      value: 0
      objectReference: {fileID: 0}
    - target: {fileID: 7702885681751960716, guid: 4787bb5e71cebd642840037777f5f95c, type: 3}
      propertyPath: m_LocalScale.x
      value: 3.37
      objectReference: {fileID: 0}
    - target: {fileID: 7702885681751960716, guid: 4787bb5e71cebd642840037777f5f95c, type: 3}
      propertyPath: m_LocalScale.y
      value: 3.37
      objectReference: {fileID: 0}
    - target: {fileID: 7702885681751960716, guid: 4787bb5e71cebd642840037777f5f95c, type: 3}
      propertyPath: m_LocalScale.z
      value: 3.37
      objectReference: {fileID: 0}
    - target: {fileID: 7702885681751960716, guid: 4787bb5e71cebd642840037777f5f95c, type: 3}
      propertyPath: m_LocalPosition.x
      value: 0
      objectReference: {fileID: 0}
    - target: {fileID: 7702885681751960716, guid: 4787bb5e71cebd642840037777f5f95c, type: 3}
      propertyPath: m_LocalPosition.y
      value: 0
      objectReference: {fileID: 0}
    - target: {fileID: 7702885681751960716, guid: 4787bb5e71cebd642840037777f5f95c, type: 3}
      propertyPath: m_LocalPosition.z
      value: 0
      objectReference: {fileID: 0}
    - target: {fileID: 7702885681751960716, guid: 4787bb5e71cebd642840037777f5f95c, type: 3}
      propertyPath: m_LocalRotation.w
      value: 1
      objectReference: {fileID: 0}
    - target: {fileID: 7702885681751960716, guid: 4787bb5e71cebd642840037777f5f95c, type: 3}
      propertyPath: m_LocalRotation.x
      value: -0
      objectReference: {fileID: 0}
    - target: {fileID: 7702885681751960716, guid: 4787bb5e71cebd642840037777f5f95c, type: 3}
      propertyPath: m_LocalRotation.y
      value: -0
      objectReference: {fileID: 0}
    - target: {fileID: 7702885681751960716, guid: 4787bb5e71cebd642840037777f5f95c, type: 3}
      propertyPath: m_LocalRotation.z
      value: -0
      objectReference: {fileID: 0}
    - target: {fileID: 7702885681751960716, guid: 4787bb5e71cebd642840037777f5f95c, type: 3}
      propertyPath: m_LocalEulerAnglesHint.x
      value: 0
      objectReference: {fileID: 0}
    - target: {fileID: 7702885681751960716, guid: 4787bb5e71cebd642840037777f5f95c, type: 3}
      propertyPath: m_LocalEulerAnglesHint.y
      value: 0
      objectReference: {fileID: 0}
    - target: {fileID: 7702885681751960716, guid: 4787bb5e71cebd642840037777f5f95c, type: 3}
      propertyPath: m_LocalEulerAnglesHint.z
      value: 0
      objectReference: {fileID: 0}
    - target: {fileID: 7702885681751960716, guid: 4787bb5e71cebd642840037777f5f95c, type: 3}
      propertyPath: m_ConstrainProportionsScale
      value: 1
      objectReference: {fileID: 0}
    m_RemovedComponents: []
  m_SourcePrefab: {fileID: 100100000, guid: 4787bb5e71cebd642840037777f5f95c, type: 3}
--- !u!4 &881836555640324728 stripped
Transform:
  m_CorrespondingSourceObject: {fileID: 7702885681751960716, guid: 4787bb5e71cebd642840037777f5f95c, type: 3}
  m_PrefabInstance: {fileID: 7411460555789168372}
  m_PrefabAsset: {fileID: 0}
